@inproceedings{MPS12,
  author       = {Nelma Moreira and
                  David Pereira and
                  Sim{\~{a}}o Melo de Sousa},
  editor       = {Wolfram Kahl and
                  Timothy G. Griffin},
  title        = {Deciding Regular Expressions (In-)Equivalence in Coq},
  booktitle    = {Relational and Algebraic Methods in Computer Science - 13th International
                  Conference, RAMiCS 2012, Cambridge, UK, September 17-20, 2012. Proceedings},
  series       = {Lecture Notes in Computer Science},
  volume       = {7560},
  pages        = {98--113},
  publisher    = {Springer},
  year         = {2012},
  url          = {https://doi.org/10.1007/978-3-642-33314-9\_7},
  doi          = {10.1007/978-3-642-33314-9\_7},
  timestamp    = {Wed, 15 Dec 2021 11:04:23 +0100},
  biburl       = {https://dblp.org/rec/conf/RelMiCS/MoreiraPS12.bib},
  bibsource    = {dblp computer science bibliography, https://dblp.org}
}

@article{CZ01,
  author       = {Jean{-}Marc Champarnaud and
                  Djelloul Ziadi},
  title        = {From Mirkin's Prebases to Antimirov's Word Partial Derivatives},
  journal      = {Fundam. Informaticae},
  volume       = {45},
  number       = {3},
  pages        = {195--205},
  year         = {2001},
  url          = {http://content.iospress.com/articles/fundamenta-informaticae/fi45-3-03},
  timestamp    = {Fri, 18 Sep 2020 11:15:43 +0200},
  biburl       = {https://dblp.org/rec/journals/fuin/ChamparnaudZ01.bib},
  bibsource    = {dblp computer science bibliography, https://dblp.org}
}


@inproceedings{G05,
  author       = {Clemens Grabmayer},
  editor       = {Jos{\'{e}} Luiz Fiadeiro and
                  Neil Harman and
                  Markus Roggenbach and
                  Jan J. M. M. Rutten},
  title        = {Using Proofs by Coinduction to Find "Traditional" Proofs},
  booktitle    = {Algebra and Coalgebra in Computer Science: First International Conference,
                  {CALCO} 2005, Swansea, UK, September 3-6, 2005, Proceedings},
  series       = {Lecture Notes in Computer Science},
  volume       = {3629},
  pages        = {175--193},
  publisher    = {Springer},
  year         = {2005},
  url          = {https://doi.org/10.1007/11548133\_12},
  doi          = {10.1007/11548133\_12},
  timestamp    = {Wed, 19 May 2021 08:32:00 +0200},
  biburl       = {https://dblp.org/rec/conf/calco/Grabmayer05.bib},
  bibsource    = {dblp computer science bibliography, https://dblp.org}
}



@article{AMR09,
  author       = {Marco Almeida and
                  Nelma Moreira and
                  Rog{\'{e}}rio Reis},
  title        = {Antimirov and Mosses's Rewrite System Revisited},
  journal      = {Int. J. Found. Comput. Sci.},
  volume       = {20},
  number       = {4},
  pages        = {669--684},
  year         = {2009},
  url          = {https://doi.org/10.1142/S0129054109006802},
  doi          = {10.1142/S0129054109006802},
  timestamp    = {Tue, 06 Jun 2017 22:22:48 +0200},
  biburl       = {https://dblp.org/rec/journals/ijfcs/AlmeidaMR09.bib},
  bibsource    = {dblp computer science bibliography, https://dblp.org}
}




@inproceedings{A12,
  author       = {Andrea Asperti},
  editor       = {Lennart Beringer and
                  Amy P. Felty},
  title        = {A Compact Proof of Decidability for Regular Expression Equivalence},
  booktitle    = {Interactive Theorem Proving - Third International Conference, {ITP}
                  2012, Princeton, NJ, USA, August 13-15, 2012. Proceedings},
  series       = {Lecture Notes in Computer Science},
  volume       = {7406},
  pages        = {283--298},
  publisher    = {Springer},
  year         = {2012},
  url          = {https://doi.org/10.1007/978-3-642-32347-8\_19},
  doi          = {10.1007/978-3-642-32347-8\_19},
  timestamp    = {Tue, 14 May 2019 10:00:37 +0200},
  biburl       = {https://dblp.org/rec/conf/itp/Asperti12.bib},
  bibsource    = {dblp computer science bibliography, https://dblp.org}
}

@article{A93,
  author       = {Samson Abramsky},
  title        = {Computational Interpretations of Linear Logic},
  journal      = {Theor. Comput. Sci.},
  volume       = {111},
  number       = {1{\&}2},
  pages        = {3--57},
  year         = {1993},
  url          = {https://doi.org/10.1016/0304-3975(93)90181-R},
  doi          = {10.1016/0304-3975(93)90181-R},
  timestamp    = {Wed, 17 Feb 2021 21:56:31 +0100},
  biburl       = {https://dblp.org/rec/journals/tcs/Abramsky93.bib},
  bibsource    = {dblp computer science bibliography, https://dblp.org}
}

@inproceedings{R98,
  author       = {Jan J. M. M. Rutten},
  editor       = {Davide Sangiorgi and
                  Robert de Simone},
  title        = {Automata and Coinduction (An Exercise in Coalgebra)},
  booktitle    = {{CONCUR} '98: Concurrency Theory, 9th International Conference, Nice,
                  France, September 8-11, 1998, Proceedings},
  series       = {Lecture Notes in Computer Science},
  volume       = {1466},
  pages        = {194--218},
  publisher    = {Springer},
  year         = {1998},
  url          = {https://doi.org/10.1007/BFb0055624},
  doi          = {10.1007/BFB0055624},
  timestamp    = {Tue, 14 May 2019 10:00:43 +0200},
  biburl       = {https://dblp.org/rec/conf/concur/Rutten98.bib},
  bibsource    = {dblp computer science bibliography, https://dblp.org}
}


@inproceedings{A12,
  author       = {Andrea Asperti},
  title        = {A Compact Proof of Decidability for Regular Expression Equivalence},
  booktitle    = {proceedings of {ITP}},
  series       = {LNCS},
  volume       = {7406},
  pages        = {283--298},
  publisher    = {Springer},
  year         = {2012},
  doi          = {10.1007/978-3-642-32347-8\_19}
}

@inproceedings{K11,
  TITLE = {{Regular expression containment as a proof search problem}},
  AUTHOR = {Komendantsky, Vladimir},
  URL = {https://inria.hal.science/inria-00614042},
  BOOKTITLE = {{PSATTT'11: International Workshop on Proof-Search in Axiomatic Theories and Type Theories}},
  ADDRESS = {Wroclaw, Poland},
  ORGANIZATION = {{Germain Faure, St{\'e}phane Lengrand, Assia Mahboubi}},
  YEAR = {2011},
  MONTH = Aug,
  PDF = {https://inria.hal.science/inria-00614042/file/Komendantsky.pdf},
  HAL_ID = {inria-00614042},
  HAL_VERSION = {v1},
}

@inproceedings{FC04,
  author       = {Alain Frisch and
                  Luca Cardelli},
  editor       = {Josep D{\'{\i}}az and
                  Juhani Karhum{\"{a}}ki and
                  Arto Lepist{\"{o}} and
                  Donald Sannella},
  title        = {Greedy Regular Expression Matching},
  booktitle    = {Automata, Languages and Programming: 31st International Colloquium,
                  {ICALP} 2004, Turku, Finland, July 12-16, 2004. Proceedings},
  series       = {Lecture Notes in Computer Science},
  volume       = {3142},
  pages        = {618--629},
  publisher    = {Springer},
  year         = {2004},
  url          = {https://doi.org/10.1007/978-3-540-27836-8\_53},
  doi          = {10.1007/978-3-540-27836-8\_53},
  timestamp    = {Tue, 14 May 2019 10:00:44 +0200},
  biburl       = {https://dblp.org/rec/conf/icalp/FrischC04.bib},
  bibsource    = {dblp computer science bibliography, https://dblp.org}
}

@inproceedings{HN11,
  author       = {Fritz Henglein and
                  Lasse Nielsen},
  editor       = {Thomas Ball and
                  Mooly Sagiv},
  title        = {Regular expression containment: coinductive axiomatization and computational
                  interpretation},
  booktitle    = {Proceedings of the 38th {ACM} {SIGPLAN-SIGACT} Symposium on Principles
                  of Programming Languages, {POPL} 2011, Austin, TX, USA, January 26-28,
                  2011},
  pages        = {385--398},
  publisher    = {{ACM}},
  year         = {2011},
  url          = {https://doi.org/10.1145/1926385.1926429},
  doi          = {10.1145/1926385.1926429},
  timestamp    = {Thu, 24 Jun 2021 16:19:31 +0200},
  biburl       = {https://dblp.org/rec/conf/popl/HengleinN11.bib},
  bibsource    = {dblp computer science bibliography, https://dblp.org}
}